<record xmlns='http://www.loc.gov/MARC21/slim'><leader>01170cim a22003252u 4500</leader><controlfield tag='001'>3601108</controlfield><controlfield tag='005'>20151214182802.0</controlfield><controlfield tag='007'>ss|lmnjluz|nuu</controlfield><controlfield tag='008'>991101s1984    nyunnn         l    eng d</controlfield><datafield ind1=' ' ind2=' ' tag='035'><subfield code='a'>(NIC)notisASF8173</subfield></datafield><datafield ind1=' ' ind2=' ' tag='035'><subfield code='a'>3601108</subfield></datafield><datafield ind1=' ' ind2=' ' tag='035'><subfield code='a'>(OCoLC)63897065</subfield></datafield><datafield ind1=' ' ind2=' ' tag='040'><subfield code='a'>NIC</subfield><subfield code='c'>NIC</subfield><subfield code='d'>NIC</subfield><subfield code='d'>NIC</subfield></datafield><datafield ind1='1' ind2=' ' tag='100'><subfield code='a'>Certeau, Michel de.</subfield></datafield><datafield ind1='1' ind2='4' tag='245'><subfield code='a'>The problem of believing preliminaries to an historical anthropology of believability</subfield><subfield code='h'>[sound recording]</subfield></datafield><datafield ind1=' ' ind2=' ' tag='260'><subfield code='c'>1984.</subfield></datafield><datafield ind1=' ' ind2=' ' tag='300'><subfield code='a'>1 sound cassette (90 min.) :</subfield><subfield code='b'>analog, mono.</subfield></datafield><datafield ind1=' ' ind2=' ' tag='500'><subfield code='a'>Recorded in Ithaca, NY by Cornell University.</subfield></datafield><datafield ind1=' ' ind2=' ' tag='500'><subfield code='a'>Sponsored by: University Lectures Committee.</subfield></datafield><datafield ind1=' ' ind2=' ' tag='518'><subfield code='a'>Lecture, April 16, 1984.</subfield></datafield><datafield ind1=' ' ind2=' ' tag='520'><subfield code='a'>deCerteau discusses the role of belief in primitive cultures.</subfield></datafield><datafield ind1=' ' ind2='0' tag='650'><subfield code='a'>Belief and doubt.</subfield></datafield><datafield ind1=' ' ind2='0' tag='650'><subfield code='a'>Belief, Problem of (Literature)</subfield></datafield><datafield ind1=' ' ind2='0' tag='650'><subfield code='a'>Anthropology.</subfield></datafield><datafield ind1=' ' ind2='7' tag='650'><subfield code='a'>Anthropology</subfield><subfield code='2'>fast</subfield><subfield code='0'>(OCoLC)fst00810196</subfield></datafield><datafield ind1=' ' ind2='7' tag='650'><subfield code='a'>Belief and doubt</subfield><subfield code='2'>fast</subfield><subfield code='0'>(OCoLC)fst00830124</subfield></datafield><datafield ind1=' ' ind2='7' tag='650'><subfield code='a'>Belief, Problem of (Literature)</subfield><subfield code='2'>fast</subfield><subfield code='0'>(OCoLC)fst00830133</subfield></datafield><datafield ind1='1' ind2=' ' tag='899'><subfield code='a'>CULectures</subfield></datafield><datafield ind1=' ' ind2=' ' tag='905'><subfield code='a'>20000303120000.0</subfield></datafield><datafield ind1='2' ind2=' ' tag='948'><subfield code='a'>20141221</subfield><subfield code='b'>m</subfield><subfield code='d'>batch</subfield><subfield code='e'>lts</subfield><subfield code='x'>addfast</subfield></datafield></record>